<record><leader>00000cas a2200000 a 4500</leader><controlfield tag="001">39090699</controlfield><controlfield tag="008">980508d18721uuumiumr n       0    0eng c</controlfield><datafield ind1=" " ind2=" " tag="010"><subfield code="a">sn 98066199 </subfield></datafield><datafield ind1=" " ind2=" " tag="040"><subfield code="a">MHN</subfield><subfield code="b">eng</subfield><subfield code="c">MHN</subfield><subfield code="d">OCL</subfield><subfield code="d">OCLCQ</subfield><subfield code="d">OCLCO</subfield></datafield><datafield ind1="1" ind2=" " tag="029"><subfield code="a">AU@</subfield><subfield code="b">000013957447</subfield></datafield><datafield ind1=" " ind2=" " tag="042"><subfield code="a">pcc</subfield></datafield><datafield ind1=" " ind2=" " tag="043"><subfield code="a">n-us-mi</subfield></datafield><datafield ind1="0" ind2="4" tag="245"><subfield code="a">The leather apron.</subfield></datafield><datafield ind1=" " ind2=" " tag="260"><subfield code="a">[Detroit, Mich.] :</subfield><subfield code="b">Published under the auspices of the Central Grant &amp; Wilson Club of Detroit.</subfield></datafield><datafield ind1=" " ind2=" " tag="300"><subfield code="a">v.</subfield></datafield><datafield ind1=" " ind2=" " tag="310"><subfield code="a">Monthly</subfield></datafield><datafield ind1="0" ind2=" " tag="362"><subfield code="a">Vol. 1, no. 1 (July 1872).</subfield></datafield><datafield ind1=" " ind2=" " tag="500"><subfield code="a">"A newspaper devoted to liberty and loyalty."</subfield></datafield><datafield ind1=" " ind2=" " tag="500"><subfield code="a">From publisher's block: "[The Leather Apron] ... do what it can to aid in the election of Grant and Wilson, by presenting in a plain way, their claims to the suffrages of the American people."</subfield></datafield><datafield ind1=" " ind2=" " tag="588"><subfield code="a">Description based on.</subfield></datafield><datafield ind1=" " ind2="0" tag="650"><subfield code="a">Republican</subfield><subfield code="z">Michigan</subfield><subfield code="z">Detroit</subfield><subfield code="v">Newspapers.</subfield></datafield><datafield ind1=" " ind2="0" tag="651"><subfield code="a">Detroit (Mich.)</subfield><subfield code="v">Newspapers.</subfield></datafield><datafield ind1=" " ind2="0" tag="651"><subfield code="a">Wayne County (Mich.)</subfield><subfield code="v">Newspapers.</subfield></datafield><datafield ind1=" " ind2=" " tag="752"><subfield code="a">United States</subfield><subfield code="b">Michigan</subfield><subfield code="c">Wayne</subfield><subfield code="d">Detroit.</subfield></datafield></record>